@book{cormen,
    author    = "Thomas H. Cormen",
    title     = "Algorithms Unlocked",
    year      = "2013",
    publisher = "The MIT Press",
}
 
@online{sugishita,
    author    = "YK Sugishita",
    title     = "What Is Dynamic Programming and How To Use It",
    publisher = "CS Dojo",
    url       = "https://www.youtube.com/watch?v=vYquumk4nWw",
    year      = "2017"
}

@online{geeksforgeeks,
    author    = "GeeksforGeeks",
    title     = "Optimal Substructure Property in Dynamic Programming | DP-2",
    url       = "https://www.geeksforgeeks.org/optimal-substructure-property-in-dynamic-programming-dp-2/",
    year      = "2023"
}